@book{milenkovic2020internet,
  title={Internet of Things: Concepts and System Design},
  author={Milenkovic, Milan},
  year={2020},
  publisher={Springer}
}

@article{rpi_sound_iot2018,
  author = {García, J. and Moreno, A. and Pérez, D.},
  title = {Audio Monitoring for Smart Environments Using Raspberry Pi and IoT},
  journal = {Sensors},
  year = {2018},
  volume = {18},
  number = {2},
  pages = {1--16},
  doi = {10.3390/s18020501}
}

@article{acoustics_ergonomics,
  author = {Berglund, B. and Lindvall, T. and Schwela, D. H.},
  title = {Guidelines for Community Noise},
  journal = {World Health Organization},
  year = {1999},
  url = {https://apps.who.int/iris/handle/10665/66217}
}

@book{raspberrypi_foundation_official,
  title = {Raspberry Pi User Guide},
  author = {Upton, E. and Halfacree, G.},
  year = {2014},
  edition = {3rd},
  publisher = {Wiley}
}

@article{cloud_logging_thingspeak,
  author = {MathWorks},
  title = {ThingSpeak: IoT Analytics Platform With MATLAB},
  journal = {Online documentation},
  year = {2021},
  url = {https://thingspeak.com/docs}
}

@article{sounddevice_python,
  author = {Michael, M. and others},
  title = {sounddevice: Play and Record Sound with Python},
  journal = {Python Package Index (PyPI)},
  year = {2023},
  url = {https://python-sounddevice.readthedocs.io/en/latest/}
}